<collection xmlns="http://www.loc.gov/MARC21/slim">
<record>
  <leader>01545nam0a22003011i 450 </leader>
  <controlfield tag="001">IT\ICCU\CNCE\054468</controlfield>
  <controlfield tag="005">20100326000000.0</controlfield>
  <datafield tag="012" ind1=" " ind2=" ">
    <subfield code="a">lep- o-si mion riat (C) 1541 (Q)</subfield>
    <subfield code="2">fei</subfield>
  </datafield>
  <datafield tag="100" ind1=" " ind2=" ">
    <subfield code="a">20031021f1541        0itac0103    ba</subfield>
  </datafield>
  <datafield tag="101" ind1=" " ind2=" ">
    <subfield code="a">LAT</subfield>
  </datafield>
  <datafield tag="102" ind1=" " ind2=" ">
    <subfield code="a">IT</subfield>
  </datafield>
  <datafield tag="200" ind1="1" ind2=" ">
    <subfield code="a">Ad Paulum III pontificem maximum de restituenda nauigatione Tiberis a Trusiamno agri Perusini castello vsque Romam, Augustini Iguini Bibliothecarii sui Oratio</subfield>
  </datafield>
  <datafield tag="210" ind1=" " ind2=" ">
    <subfield code="d">\1541?!</subfield>
    <subfield code="e">Romae</subfield>
    <subfield code="g">in aedibus Balthasaris Cartularii</subfield>
  </datafield>
  <datafield tag="215" ind1=" " ind2=" ">
    <subfield code="a">\6! c.</subfield>
    <subfield code="d">4ʻ</subfield>
  </datafield>
  <datafield tag="300" ind1=" " ind2=" ">
    <subfield code="a">Per la data cfr.: F. Barberi, Annali della tipografia romana di Baldassarre jr. e Girolama Cartolari (1540-1559), n.12</subfield>
  </datafield>
  <datafield tag="620" ind1=" " ind2=" ">
    <subfield code="a">IT</subfield>
    <subfield code="d">Roma</subfield>
  </datafield>
  <datafield tag="700" ind1=" " ind2="1">
    <subfield code="a">Steuco,</subfield>
    <subfield code="b">Agostino</subfield>
    <subfield code="3">IT\ICCU\CNCA\006936</subfield>
  </datafield>
  <datafield tag="712" ind1="0" ind2="0">
    <subfield code="a">Cartolari, Baldassarre</subfield>
    <subfield code="3">IT\ICCU\CNCT\000423</subfield>
    <subfield code="4">650</subfield>
  </datafield>
  <datafield tag="790" ind1=" " ind2="1">
    <subfield code="a">Steuchus,</subfield>
    <subfield code="b">Augustinus</subfield>
    <subfield code="3">IT\ICCU\CNCA\007250</subfield>
    <subfield code="z">Steuco, Agostino</subfield>
  </datafield>
  <datafield tag="790" ind1=" " ind2="0">
    <subfield code="a">Augustinus</subfield>
    <subfield code="c"> : Eugubinus</subfield>
    <subfield code="3">IT\ICCU\CNCA\017325</subfield>
    <subfield code="z">Steuco, Agostino</subfield>
  </datafield>
  <datafield tag="791" ind1="0" ind2="0">
    <subfield code="a">Cartularis, Balthesar de</subfield>
    <subfield code="3">IT\ICCU\CNCT\004476</subfield>
    <subfield code="z">Cartolari, Baldassarre</subfield>
  </datafield>
  <datafield tag="791" ind1="0" ind2="0">
    <subfield code="a">Cartholaio, Baldassarre</subfield>
    <subfield code="3">IT\ICCU\CNCT\004477</subfield>
    <subfield code="z">Cartolari, Baldassarre</subfield>
  </datafield>
  <datafield tag="791" ind1="0" ind2="0">
    <subfield code="a">Cartulario, Baldassarre</subfield>
    <subfield code="3">IT\ICCU\CNCT\004479</subfield>
    <subfield code="z">Cartolari, Baldassarre</subfield>
  </datafield>
  <datafield tag="791" ind1="0" ind2="0">
    <subfield code="a">Cartulari, Baldassarre de</subfield>
    <subfield code="3">IT\ICCU\CNCT\004482</subfield>
    <subfield code="z">Cartolari, Baldassarre</subfield>
  </datafield>
  <datafield tag="791" ind1="0" ind2="0">
    <subfield code="a">Cartolaro, Baldassarre de</subfield>
    <subfield code="3">IT\ICCU\CNCT\004483</subfield>
    <subfield code="z">Cartolari, Baldassarre</subfield>
  </datafield>
  <datafield tag="801" ind1=" " ind2="3">
    <subfield code="a">IT</subfield>
    <subfield code="b">ICCU</subfield>
    <subfield code="c">20201115</subfield>
  </datafield>
  <datafield tag="899" ind1=" " ind2=" ">
    <subfield code="a">Biblioteca Apostolica Vaticana. Citt ̉del Vaticano</subfield>
    <subfield code="1">EX0001</subfield>
    <subfield code="2">ZCV 01</subfield>
  </datafield>
  <datafield tag="899" ind1=" " ind2=" ">
    <subfield code="a">Biblioteca Hertziana. Roma</subfield>
    <subfield code="1">RM0724</subfield>
    <subfield code="2">ZRM 16</subfield>
  </datafield>
</record>
</collection>
